@inproceedings{approximate-parikh,
  title     = {Solving String Constraints with Approximate Parikh Image},
  author    = {Janků, Petr and Turoňová, Lenka},
  booktitle = {{EUROCAST}},
  pages     = {491--498},
  year      = {2019}
}

@article{concorde,
  title     = {On the solution of traveling salesman problems},
  author    = {Applegate, David and Bixby, Robert and Cook, William and Chv{\'a}tal, Vasek},
  year      = {1998},
  publisher = {Rheinische Friedrich-Wilhelms-Universit{\"a}t Bonn}
}

@inproceedings{generate-parikh-image,
  author    = {Verma, Kumar Neeraj
               and Seidl, Helmut
               and Schwentick, Thomas},
  title     = {On the Complexity of Equational Horn Clauses},
  booktitle = {{CADE}},
  year      = 2005,
  pages     = {337--352}
}

@book{kozen,
  author    = {Kozen, Dexter C.},
  title     = {Automata and computability},
  publisher = {Springer},
  address   = {New York},
  year      = 1997,
  isbn      = 0387949070
}

@inproceedings{minizinc-dse-js,
  author    = {Amadini, Roberto
               and Andrlon, Mak
               and Gange, Graeme
               and Schachte, Peter
               and S{\o}ndergaard, Harald
               and Stuckey, Peter J.},
  editor    = {Rousseau, Louis-Martin and Stergiou, Kostas},
  title     = {Constraint Programming for Dynamic Symbolic Execution of JavaScript},
  booktitle = {Integration of Constraint Programming, Artificial Intelligence, and Operations Research},
  year      = 2019,
  publisher = {Springer International Publishing},
  address   = {Cham},
  pages     = {1--19},
  isbn      = {978-3-030-19212-9}
}

@article{optimally_profiling,
  title        = {Optimally profiling and tracing programs},
  volume       = {16},
  issn         = {0164-0925},
  url          = {http://doi.org/10.1145/183432.183527},
  doi          = {10.1145/183432.183527},
  pages        = {1319--1360},
  number       = {4},
  journaltitle = {{ACM} Transactions on Programming Languages and Systems},
  shortjournal = {{ACM} Trans. Program. Lang. Syst.},
  author       = {Ball, Thomas and Larus, James R.},
  urldate      = {2020-05-13},
  date         = {1994-07-01}
}

@article{ostrich,
  title     = {Decision procedures for path feasibility of string-manipulating programs with complex operations},
  author    = {Chen, Taolue and Hague, Matthew and Lin, Anthony W and R{\"u}mmer, Philipp and Wu, Zhilin},
  journal   = {{POPL}},
  volume    = 3,
  pages     = {1--30},
  year      = 2019,
  publisher = {ACM New York, NY, USA}
}


@techreport{parikh-logics,
  author = {Felix Klaedtke and Harald Rueß},
  title  = {Parikh Automata and Monadic Second-Order Logics with Linear Cardinality Constraints},
  year   = {2002}
}


@inproceedings{path_profiling,
  title     = {Efficient path profiling},
  doi       = {10.1109/MICRO.1996.566449},
  pages     = {46--57},
  booktitle = {{MICRO} 29},
  author    = {Ball, T. and Larus, J.R.},
  date      = {1996-12}
}

@inproceedings{path-feasibility-strings,
  author    = {Taolue Chen and
               Matthew Hague and
               Jinlong He and
               Denghang Hu and
               Anthony Widjaja Lin and
               Philipp R{\"{u}}mmer and
               Zhilin Wu},
  title     = {A Decision Procedure for Path Feasibility of String Manipulating Programs with Integer Data Type},
  booktitle = {{ATVA} 2020},
  volume    = {12302},
  pages     = {325--342},
  year      = {2020},
  doi       = {10.1007/978-3-030-59152-6_18}
}

@inproceedings{princess,
  author    = {Philipp R{\"u}mmer},
  title     = {A Constraint Sequent Calculus for First-Order Logic with
               Linear Integer Arithmetic},
  booktitle = {Proceedings, 15th International Conference on Logic
               for Programming, Artificial Intelligence and
               Reasoning},
  year      = 2008,
  volume    = 5330,
  pages     = {274-289},
  isbn      = {978-3-540-89438-4},
  series    = {LNCS},
  publisher = {Springer}
}

@inproceedings{pyex,
  author    = {Reynolds, Andrew
               and Woo, Maverick
               and Barrett, Clark
               and Brumley, David
               and Liang, Tianyi
               and Tinelli, Cesare},
  title     = {Scaling Up DPLL(T) String Solvers Using Context-Dependent Simplification},
  booktitle = {{CAV} '17},
  year      = {2017},
  pages     = {453--474}
}

@inproceedings{quantifier-elimination-trick,
  author    = {Monniaux, David},
  editor    = {Cervesato, Iliano
               and Veith, Helmut
               and Voronkov, Andrei},
  title     = {A Quantifier Elimination Algorithm for Linear Real Arithmetic},
  booktitle = {Logic for Programming, Artificial Intelligence, and Reasoning},
  year      = 2008,
  pages     = {243--257}
}

@misc{survey2020,
  title         = {A Survey on String Constraint Solving},
  author        = {Roberto Amadini},
  year          = 2020,
  eprint        = {2002.02376},
  archiveprefix = {arXiv},
  primaryclass  = {cs.AI}
}

@inproceedings{trau,
  title     = {Trau: SMT solver for string constraints},
  author    = {Abdulla, Parosh Aziz and Atig, Mohamed Faouzi and Chen, Yu-Fang and Diep, Bui Phi and Hol{\'\i}k, Luk{\'a}{\v{s}} and Rezine, Ahmed and R{\"u}mmer, Philipp},
  booktitle = {{FMCAD} '18},
  pages     = {1--5},
  year      = 2018
}

