@inproceedings{approximate-parikh,
  title     = {Solving String Constraints with Approximate Parikh Image},
  author    = {Janků, Petr and Turoňová, Lenka},
  booktitle = {{EUROCAST}},
  pages     = {491--498},
  year      = {2019}
}

@article{bounds,
  title   = {Converting nondeterministic automata and context-free grammars into Parikh equivalent one-way and two-way deterministic automata},
  journal = {Information and Computation},
  volume  = {228-229},
  pages   = {1-15},
  year    = {2013},
  issn    = {0890-5401},
  doi     = {https://doi.org/10.1016/j.ic.2013.06.003},
  author  = {Giovanna J. Lavado and Giovanni Pighizzini and Shinnosuke Seki}
}

@article{concorde,
  title     = {On the solution of traveling salesman problems},
  author    = {Applegate, David and Bixby, Robert and Cook, William and Chv{\'a}tal, Vasek},
  year      = {1998},
  publisher = {Rheinische Friedrich-Wilhelms-Universit{\"a}t Bonn}
}

@article{construction,
  title   = {Parikh's theorem: A simple and direct automaton construction},
  journal = {Information Processing Letters},
  volume  = {111},
  number  = {12},
  pages   = {614-619},
  year    = {2011},
  issn    = {0020-0190},
  doi     = {https://doi.org/10.1016/j.ipl.2011.03.019},
  author  = {Javier Esparza and Pierre Ganty and Stefan Kiefer and Michael Luttenberger}
}

@inproceedings{epistemic-logic,
  title     = {Regular Model Checking Approach to Knowledge Reasoning over Parameterized Systems},
  author    = {Stan, Daniel and Lin, Anthony W},
  booktitle = {Proceedings of the 20th International Conference on Autonomous Agents and MultiAgent Systems},
  pages     = {1254--1262},
  year      = {2021}
}

@article{ESPARZA2011614,
  title   = {Parikhʼs theorem: A simple and direct automaton construction},
  journal = {Information Processing Letters},
  volume  = {111},
  number  = {12},
  pages   = {614-619},
  year    = {2011},
  doi     = {https://doi.org/10.1016/j.ipl.2011.03.019},
  author  = {Javier Esparza and Pierre Ganty and Stefan Kiefer and Michael Luttenberger}
}

@inproceedings{generate-parikh-image,
  author    = {Verma, Kumar Neeraj
               and Seidl, Helmut
               and Schwentick, Thomas},
  title     = {On the Complexity of Equational Horn Clauses},
  booktitle = {{CADE}},
  year      = 2005,
  pages     = {337--352}
}


@book{kozen,
  author    = {Kozen, Dexter C.},
  title     = {Automata and computability},
  publisher = {Springer},
  address   = {New York},
  year      = 1997,
  isbn      = 0387949070
}


@inproceedings{lasota_et_al:LIPIcs.FSTTCS.2021.50,
  author    = {Lasota, S{\l}awomir and Pattathurajan, Mohnish},
  title     = {{Parikh Images of Register Automata}},
  booktitle = {41st IARCS Annual Conference on Foundations of Software Technology and Theoretical Computer Science (FSTTCS 2021)},
  pages     = {50:1--50:14},
  series    = {Leibniz International Proceedings in Informatics (LIPIcs)},
  isbn      = {978-3-95977-215-0},
  issn      = {1868-8969},
  year      = {2021},
  volume    = {213},
  editor    = {Boja\'{n}czy, Miko{\l}aj and Chekuri, Chandra},
  publisher = {Schloss Dagstuhl -- Leibniz-Zentrum f{\"u}r Informatik},
  address   = {Dagstuhl, Germany},
  url       = {https://drops.dagstuhl.de/opus/volltexte/2021/15561},
  urn       = {urn:nbn:de:0030-drops-155613},
  doi       = {10.4230/LIPIcs.FSTTCS.2021.50},
  annote    = {Keywords: Sets with atoms, register automata, Parikh images, rational sets, hierarchical register automata}
}

@inproceedings{minizinc-dse-js,
  author    = {Amadini, Roberto
               and Andrlon, Mak
               and Gange, Graeme
               and Schachte, Peter
               and S{\o}ndergaard, Harald
               and Stuckey, Peter J.},
  editor    = {Rousseau, Louis-Martin and Stergiou, Kostas},
  title     = {Constraint Programming for Dynamic Symbolic Execution of JavaScript},
  booktitle = {Integration of Constraint Programming, Artificial Intelligence, and Operations Research},
  year      = 2019,
  publisher = {Springer International Publishing},
  address   = {Cham},
  pages     = {1--19},
  isbn      = {978-3-030-19212-9}
}

@inproceedings{muscholl-linear,
  author    = {Seidl, Helmut
               and Schwentick, Thomas
               and Muscholl, Anca
               and Habermehl, Peter},
  title     = {Counting in Trees for Free},
  booktitle = {{ICALP} 2004},
  year      = 2004
}

@inproceedings{nuxmv,
  title        = {The nuXmv symbolic model checker},
  author       = {Cavada, Roberto and Cimatti, Alessandro and Dorigatti, Michele and Griggio, Alberto and Mariotti, Alessandro and Micheli, Andrea and Mover, Sergio and Roveri, Marco and Tonetta, Stefano},
  booktitle    = {International Conference on Computer Aided Verification},
  pages        = {334--342},
  year         = {2014},
  organization = {Springer}
}

@article{optimally_profiling,
  title        = {Optimally profiling and tracing programs},
  volume       = {16},
  issn         = {0164-0925},
  url          = {http://doi.org/10.1145/183432.183527},
  doi          = {10.1145/183432.183527},
  pages        = {1319--1360},
  number       = {4},
  journaltitle = {{ACM} Transactions on Programming Languages and Systems},
  shortjournal = {{ACM} Trans. Program. Lang. Syst.},
  author       = {Ball, Thomas and Larus, James R.},
  urldate      = {2020-05-13},
  date         = {1994-07-01}
}

@article{ostrich,
  title     = {Decision procedures for path feasibility of string-manipulating programs with complex operations},
  author    = {Chen, Taolue and Hague, Matthew and Lin, Anthony W and R{\"u}mmer, Philipp and Wu, Zhilin},
  journal   = {{POPL}},
  volume    = 3,
  pages     = {1--30},
  year      = 2019,
  publisher = {ACM New York, NY, USA}
}

@inproceedings{parikh-automata,
  author    = {Klaedtke, Felix
               and Rue{\ss}, Harald},
  editor    = {Baeten, Jos C. M.
               and Lenstra, Jan Karel
               and Parrow, Joachim
               and Woeginger, Gerhard J.},
  title     = {Monadic Second-Order Logics with Cardinalities},
  booktitle = {{ICALP} 2003},
  year      = 2003,
  pages     = {681--696}
}

@techreport{parikh-logics,
  author = {Felix Klaedtke and Harald Rueß},
  title  = {Parikh Automata and Monadic Second-Order Logics with Linear Cardinality Constraints},
  year   = {2002}
}

@inproceedings{path-feasibility-strings,
  author    = {Taolue Chen and
               Matthew Hague and
               Jinlong He and
               Denghang Hu and
               Anthony Widjaja Lin and
               Philipp R{\"{u}}mmer and
               Zhilin Wu},
  title     = {A Decision Procedure for Path Feasibility of String Manipulating Programs with Integer Data Type},
  booktitle = {{ATVA} 2020},
  volume    = {12302},
  pages     = {325--342},
  year      = {2020},
  doi       = {10.1007/978-3-030-59152-6_18}
}

@inproceedings{path-profiling,
  title     = {Efficient path profiling},
  doi       = {10.1109/MICRO.1996.566449},
  pages     = {46--57},
  booktitle = {{MICRO} 29},
  author    = {Ball, T. and Larus, J.R.},
  year      = 1996
}

@inproceedings{princess,
  author    = {Philipp R{\"u}mmer},
  title     = {A Constraint Sequent Calculus for First-Order Logic with
               Linear Integer Arithmetic},
  booktitle = {Proceedings, 15th International Conference on Logic
               for Programming, Artificial Intelligence and
               Reasoning},
  year      = 2008,
  volume    = 5330,
  pages     = {274-289},
  isbn      = {978-3-540-89438-4},
  series    = {LNCS},
  publisher = {Springer}
}

@inproceedings{pyex,
  author    = {Reynolds, Andrew
               and Woo, Maverick
               and Barrett, Clark
               and Brumley, David
               and Liang, Tianyi
               and Tinelli, Cesare},
  title     = {Scaling Up DPLL(T) String Solvers Using Context-Dependent Simplification},
  booktitle = {{CAV} '17},
  year      = {2017},
  pages     = {453--474}
}

@inproceedings{qe,
  author    = {Monniaux, David},
  editor    = {Cervesato, Iliano
               and Veith, Helmut
               and Voronkov, Andrei},
  title     = {A Quantifier Elimination Algorithm for Linear Real Arithmetic},
  booktitle = {Logic for Programming, Artificial Intelligence, and Reasoning},
  year      = {2008},
  publisher = {Springer Berlin Heidelberg},
  address   = {Berlin, Heidelberg},
  pages     = {243--257}
}

@inproceedings{quantifier-elimination-trick,
  author    = {Monniaux, David},
  editor    = {Cervesato, Iliano
               and Veith, Helmut
               and Voronkov, Andrei},
  title     = {A Quantifier Elimination Algorithm for Linear Real Arithmetic},
  booktitle = {Logic for Programming, Artificial Intelligence, and Reasoning},
  year      = 2008,
  pages     = {243--257}
}

@misc{survey2020,
  title         = {A Survey on String Constraint Solving},
  author        = {Roberto Amadini},
  year          = 2020,
  eprint        = {2002.02376},
  archiveprefix = {arXiv},
  primaryclass  = {cs.AI}
}


@inproceedings{trau,
  title     = {Trau: SMT solver for string constraints},
  author    = {Abdulla, Parosh Aziz and Atig, Mohamed Faouzi and Chen, Yu-Fang and Diep, Bui Phi and Hol{\'\i}k, Luk{\'a}{\v{s}} and Rezine, Ahmed and R{\"u}mmer, Philipp},
  booktitle = {{FMCAD} '18},
  pages     = {1--5},
  year      = 201
}

@article{parikh-theorem,
author = {Parikh, Rohit J.},
title = {On Context-Free Languages},
year = {1966},
issue_date = {Oct. 1966},
publisher = {Association for Computing Machinery},
address = {New York, NY, USA},
volume = {13},
number = {4},
issn = {0004-5411},
url = {https://doi.org/10.1145/321356.321364},
doi = {10.1145/321356.321364},
journal = {J. ACM},
month = {oct},
pages = {570–581},
numpages = {12}
}